<record><leader>00000cas a22000007a 4500</leader><controlfield tag="001">12571946</controlfield><controlfield tag="008">850918d19001901mtuwr ne      0    0eng d</controlfield><datafield ind1=" " ind2=" " tag="010"><subfield code="a">sn 85053279 </subfield></datafield><datafield ind1=" " ind2=" " tag="040"><subfield code="a">MTL</subfield><subfield code="b">eng</subfield><subfield code="c">MTL</subfield><subfield code="d">OCLCQ</subfield></datafield><datafield ind1=" " ind2=" " tag="042"><subfield code="a">msc</subfield></datafield><datafield ind1="0" ind2=" " tag="130"><subfield code="a">Shelby news (Shelby, Mont. : 1900)</subfield></datafield><datafield ind1="1" ind2="4" tag="245"><subfield code="a">The Shelby news.</subfield></datafield><datafield ind1=" " ind2=" " tag="260"><subfield code="a">Shelby, Mont. :</subfield><subfield code="b">C.E. Trescott,</subfield><subfield code="c">1900-1901.</subfield></datafield><datafield ind1=" " ind2=" " tag="300"><subfield code="a">1 v. :</subfield><subfield code="b">ill.</subfield></datafield><datafield ind1=" " ind2=" " tag="310"><subfield code="a">Weekly</subfield></datafield><datafield ind1="0" ind2=" " tag="362"><subfield code="a">Vol. 1, no. 1 (June 21, 1900)-v. 1, no. 29 (Jan. 3, 1901).</subfield></datafield><datafield ind1=" " ind2=" " tag="752"><subfield code="a">United States</subfield><subfield code="b">Montana</subfield><subfield code="c">Toole</subfield><subfield code="d">Shelby.</subfield></datafield><datafield ind1="0" ind2="4" tag="785"><subfield code="t">Teton chronicle</subfield><subfield code="g">Jan. 11, 1901</subfield><subfield code="w">(DLC)sn 85053028</subfield></datafield></record>